@article{deGroot,
  title = {Computational Biomolecular Dynamics Group},
  author = {B. de Groot},
  publisher = {Max Planck Institute for Biophysical Chemistery},
  url = {http://www3.mpibpc.mpg.de/groups/de_groot/}
}
@book{thijssen,
  author    = {J.M. Thijssen}, 
  title     = {Computational Physics},
  publisher = {Cambridge University Press},
  year      = 2007,
  volume    = 4,
  series    = 10,
  address   = {Cambridge},
  edition   = 3,
  month     = 7,
  isbn      = {3257227892}
}
@article{verlet,
  title = {Computer "Experiments" on Classical Fluids. I. Thermodynamical Properties of Lennard-Jones Molecules},
  author = {Verlet, Loup},
  journal = {Phys. Rev.},
  volume = {159},
  issue = {1},
  pages = {98--103},
  numpages = {0},
  year = {1967},
  month = {Jul},
  publisher = {American Physical Society},
  doi = {10.1103/PhysRev.159.98},
  url = {http://link.aps.org/doi/10.1103/PhysRev.159.98}
}
@article{crystal,
  title= {Crystal Structures},
  author = {Academic Resource Center},
  publisher = {Illinois Institute for Technology},
  url = {https://iit.edu/arc/workshops/pdfs/Crystal_Structures.pdf}
}
@article{Birkhoff,
author = {Birkhoff, George D.}, 
title = {Proof of the Ergodic Theorem},
volume = {17}, 
number = {12}, 
pages = {656-660}, 
year = {1931}, 
doi = {10.1073/pnas.17.2.656}, 
URL = {http://www.pnas.org/content/17/12/656.short}, 
eprint = {http://www.pnas.org/content/17/12/656.full.pdf+html}, 
journal = {Proceedings of the National Academy of Sciences} 
}
